

,-------------------.
|     PREAMBLE      |
`-------------------'

@preamble{ "\providecommand{\noopsort}[1]{}
           \providecommand{\singleletter}[1]{#1} "
}

,-------------------.
|  BIBTEX ENTRIES   |
`-------------------'

@article{jermannProduction,
  author =        {Jermann, Urban J.},
  journal =       {Journal of Monetary Economics},
  month =         {April},
  number =        {2},
  pages =         {257--75},
  title =         {Asset Pricing in Production Economies},
  volume =        {42},
  year =          {1998},
}

@article{bcfHabits,
  author =        {Michele Boldrin and Lawrence J. Christiano and
                   Jonas D. Fisher},
  journal =       {American Economic Review},
  number =        {1},
  pages =         {149--66},
  title =         {Habit Persistence, Asset Returns and the Business
                   Cycle},
  volume =        {91},
  year =          {2001},
}

@techreport{ckmCritique,
  author =        {V. V. Chari and Patrick J. Kehoe and
                   Ellen R. McGrattan},
  institution =   {Federal Reserve Bank of Minneapolis},
  number =        {631},
  type =          {working paper},
  title =         {A Critique of Structural VARs Using Real Business
                   Cycle Theory},
  year =          {2005},
}

@article{cstKS,
  author =        {Carroll, Christopher D and Sla{\-}calek, Jiri and
                   Tokuoka, Ki{\-}ichi},
  journal =       {Economics Letters},
  note =          {At
  \url{https://www.econ2.jhu.edu/people/ccarroll/papers/cstKS/}; extended
  version available as ECB Working Paper number 1633,
  \url{https://www.ecb.europa.eu/pub/pdf/scpwps/ecbwp1633.pdf}},
  pages =         {97--100},
  publisher =     {Elsevier},
  title =         {Buffer-Stock Saving in a Krusell--Smith World},
  volume =        {132},
  year =          {2015},
  doi =           {doi:10.1016/j.econlet.2015.04.021},
  url =           {https://www.econ2.jhu.edu/people/ccarroll/papers/cstKS/},
}

@article{carroll&samwick:nature,
  author =        {Carroll, Christopher D. and Samwick, Andrew A.},
  journal =       {Journal of Monetary Economics},
  number =        {1},
  pages =         {41--71},
  title =         {The {N}ature of {P}recautionary {W}ealth},
  volume =        {40},
  year =          {1997},
  url =           {https://www.econ2.jhu.edu/people/ccarroll/papers/
                  nature.pdf},
}

@article{sty:consumption,
  author =        {Storesletten, Kjetil and Telmer, Chris I. and
                   Yaron, Amir},
  journal =       {Journal of Monetary Economics},
  month =         {Apr},
  number =        {3},
  pages =         {609--633},
  title =         {Consumption and Risk Sharing Over the Life Cycle},
  volume =        {51},
  year =          {2004},
  biburl =        {http://www.bibsonomy.org/bibtex/
                   2eec5eb26c6514db248ef7956537b8aaa/smicha},
  url =           {http://www.sciencedirect.com/science/article/B6VBW-4BWMTRW-
                   2/1/4934de112177c84dc55a3f37dbde0e16},
}

@article{lmpPermShocks,
  author =        {Low, Hamish and Meghir, Costas and Pistaferri, Luigi},
  journal =       {The American economic review},
  number =        {4},
  pages =         {1432--1467},
  publisher =     {American Economic Association},
  title =         {Wage risk and employment risk over the life cycle},
  volume =        {100},
  year =          {2010},
}

@article{nv:risk,
  author =        {Nielsen, Helena~Skyt and Vissing-Jorgensen, Annette},
  journal =       {Manuscript},
  title =         {The Impact of Labor Income Risk on Educational
                   Choices: Estimates and Implied Risk Aversion},
  year =          {2006},
}

@article{ksHetero,
  author =        {Per Krusell and Anthony A. Smith},
  journal =       {Journal of Political Economy},
  number =        {5},
  pages =         {867--896},
  title =         {Income and Wealth Heterogeneity in the Macroeconomy},
  volume =        {106},
  year =          {1998},
  timestamp =     {2009.01.28},
}

@article{cstwMPC,
  author =        {Christopher D. Carroll and Jiri Sla{\-}calek and
                   Kiichi To{\-}ku{\-}o{\-}ka and Matt{\-}hew N. White},
  journal =       {Quantitative Economics},
  month =         {November},
  note =          {At
  \url{https://www.econ2.jhu.edu/people/ccarroll/papers/cstwMPC}},
  pages =         {977-1020},
  title =         {The Dis{\-}tri{\-}bu{\-}tion of Wealth and the
                   Mar{\-}gi{\-}nal Pro{\-}pen{\-}si{\-}ty to
                   Con{\-}sume},
  volume =        {8},
  year =          {2017},
  doi =           {10.3982/QE694},
  url =           {http://onlinelibrary.wiley.com/doi/10.3982/QE694/pdf},
}

@article{hallRandomWalk,
  author =        {Hall, Robert E.},
  journal =       {Journal of Political Economy},
  note =          {Available at
  {\url{http://www.stanford.edu/~rehall/Stochastic-JPE-Dec-1978.pdf}}},
  pages =         {971--87},
  title =         {Stochastic Implications of the Life-Cycle/Permanent
                   Income Hypothesis: Theory and Evidence},
  volume =        {96},
  year =          {1978},
  url =           {http://www.stanford.edu/~rehall/Stochastic-JPE-Dec-
                   1978.pdf},
}

@article{muthOptimal,
  author =        {Muth, John F.},
  journal =       {Journal of the American Statistical Association},
  number =        {290},
  pages =         {299--306},
  title =         {Optimal Properties of Exponentially Weighted
                   Forecasts},
  volume =        {55},
  year =          {1960},
}

